@online{kontakt:beacons,
        title = {What is a Beacon? The Complete Guide to Bluetooth Beacons},
        url = {https://kontakt.io/what-is-a-beacon}
}



@online{kontakt:sdk,
	title = {Kontakt.io Android SDK},
	url = {https://developer.kontakt.io/docs/dev-ctr-sdks}
}

@online{android:camerax:overview,
    title = {CameraX overview},
    url = {https://developer.android.com/training/camerax}
}

@online{android:camerax:analyze,
    title = {CameraX Image Analysis},
    url = {https://developer.android.com/training/camerax/analyze}
}

@online{android:mlkit:overview,
    title = {ML Kit overview},
    url = {https://developers.google.com/ml-kit}
}

@online{android:mlkit:barcode,
    title = {ML Kit barcode scanning API},
    url = {https://developers.google.com/ml-kit/vision/barcode-scanning}
}

@online{androidx.camera.mlkit.vision,
    title = {\path{androidx.camera.mlkit.vision} reference for Kotlin language},
    url = {https://developer.android.com/reference/kotlin/androidx/camera/mlkit/vision/package-summary}
}

@online{androidx.camera.mlkit.vision.MlKitAnalyzer,
    title = {\texttt{MlKitAnalyzer} reference for Kotlin language},
    url = {https://developer.android.com/reference/kotlin/androidx/camera/mlkit/vision/MlKitAnalyzer}
}

@inproceedings{indoor-navigation-qr-codes,
  author={Idrees, Affan and Iqbal, Zahid and Ishfaq, Maria},
  booktitle={2015 IEEE 10th Conference on Industrial Electronics and Applications (ICIEA)}, 
  title={An efficient indoor navigation technique to find optimal route for blinds using QR codes}, 
  year={2015},
  volume={},
  number={},
  pages={690-695},
  doi={10.1109/ICIEA.2015.7334197}
}

@online{android:text-to-speech-ref,
    title = {\texttt{TextToSpeech} reference for Kotlin language},
    url = {https://developer.android.com/reference/kotlin/android/speech/tts/TextToSpeech}
}

@online{android:accessibility,
    title = {Android developers: principles for improving app accessibility},
    url = {https://developer.android.com/guide/topics/ui/accessibility/principles}
}

@online{android:request-runtime-permissions,
    title = {Android developers: request runtime permissions},
    url = {https://developer.android.com/training/permissions/requesting}
}

@online{android:bluetooth-setup,
    title ={Android developers: set up Bluetooth},
    url = {https://developer.android.com/guide/topics/connectivity/bluetooth/setup}
}

@inproceedings{10.1145/3058555.3058560,
    author = {Ahmetovic, Dragan and Murata, Masayuki and Gleason, Cole and Brady, Erin and Takagi, Hironobu and Kitani, Kris and Asakawa, Chieko},
    title = {Achieving Practical and Accurate Indoor Navigation for People with Visual Impairments},
    year = {2017},
    isbn = {9781450349000},
    publisher = {Association for Computing Machinery},
    address = {New York, NY, USA},
    url = {https://doi.org/10.1145/3058555.3058560},
    doi = {10.1145/3058555.3058560},
    booktitle = {Proceedings of the 14th International Web for All Conference},
    articleno = {31},
    numpages = {10},
    keywords = {Visual Impairments, Navigation Assistance, Indoor Localization},
    location = {Perth, Western Australia, Australia},
    series = {W4A '17}
}

@article{RAZAVI2012128,
    title = {GPS-less indoor construction location sensing},
    journal = {Automation in Construction},
    volume = {28},
    pages = {128-136},
    year = {2012},
    issn = {0926-5805},
    doi = {https://doi.org/10.1016/j.autcon.2012.05.015},
    url = {https://www.sciencedirect.com/science/article/pii/S092658051200088X},
    author = {Saiedeh N. Razavi and Osama Moselhi},
}

@article{localization-taxonomy,
    author = {Koubaa, Anis and Jamâa, Maissa},
    year = {2013},
    month = {09},
    pages = {},
    title = {Taxonomy of Fundamental Concepts of Localization in Cyber-Physical and Sensor Networks},
    volume = {72},
    journal = {Wireless Personal Communications},
    doi = {10.1007/s11277-013-1025-z}
}

@article{9126068,
  author={Plikynas, Darius and Žvironas, Arūnas and Gudauskis, Marius and Budrionis, Andrius and Daniušis, Povilas and Sliesoraitytė, Ieva},
  journal={IEEE Instrumentation \& Measurement Magazine}, 
  title={Research advances of indoor navigation for blind people: A brief review of technological instrumentation}, 
  year={2020},
  volume={23},
  number={4},
  pages={22-32},
  doi={10.1109/MIM.2020.9126068}
}

@article{MURATA201914,
	title = {Smartphone-based localization for blind navigation in building-scale indoor environments},
	journal = {Pervasive and Mobile Computing},
	volume = {57},
	pages = {14-32},
	year = {2019},
	issn = {1574-1192},
	doi = {https://doi.org/10.1016/j.pmcj.2019.04.003},
	url = {https://www.sciencedirect.com/science/article/pii/S1574119218303316},
	author = {Masayuki Murata and Dragan Ahmetovic and Daisuke Sato and Hironobu Takagi and Kris M. Kitani and Chieko Asakawa}
}

@article{en12193702,
    AUTHOR = {Gang, Hui-Seon and Pyun, Jae-Young},
    TITLE = {A Smartphone Indoor Positioning System Using Hybrid Localization Technology},
    JOURNAL = {Energies},
    VOLUME = {12},
    YEAR = {2019},
    NUMBER = {19},
    ARTICLE-NUMBER = {3702},
    URL = {https://www.mdpi.com/1996-1073/12/19/3702},
    ISSN = {1996-1073},
    DOI = {10.3390/en12193702}
}

@article{s20030636,
    AUTHOR = {Plikynas, Darius and Žvironas, Arūnas and Budrionis, Andrius and Gudauskis, Marius},
    TITLE = {Indoor Navigation Systems for Visually Impaired Persons: Mapping the Features of Existing Technologies to User Needs},
    JOURNAL = {Sensors},
    VOLUME = {20},
    YEAR = {2020},
    NUMBER = {3},
    ARTICLE-NUMBER = {636},
    URL = {https://www.mdpi.com/1424-8220/20/3/636},
    PubMedID = {31979246},
    ISSN = {1424-8220},
    DOI = {10.3390/s20030636}
}

@online{firebase,
	title = {Google Firebase},
	url = {https://firebase.google.com/docs}
}
